<collection xmlns="http://www.loc.gov/MARC21/slim"><record><leader>03950nam  2200841   450</leader><controlfield tag="001">596</controlfield><controlfield tag="003">http://montalegre.opacnet.com/OPAC/default.aspx?ContentAreaControl=ShowRegHoldings.ascx&amp;RegNo=16662</controlfield><controlfield tag="005">20</controlfield><datafield tag="010" ind1=" " ind2=" "><subfield code="b">Encadernado</subfield><subfield code="d">C.</subfield></datafield><datafield tag="100" ind1=" " ind2=" "><subfield code="a">20061013d196     k  y0pory0103    ba</subfield></datafield><datafield tag="101" ind1="0" ind2=" "><subfield code="a">por</subfield></datafield><datafield tag="102" ind1=" " ind2=" "><subfield code="a">PT</subfield></datafield><datafield tag="200" ind1="1" ind2=" "><subfield code="a">Grande Enciclopédia Portuguesa e Brasileira</subfield></datafield><datafield tag="210" ind1=" " ind2=" "><subfield code="a">Lisboa</subfield><subfield code="c">Editorial Enciclopédia</subfield><subfield code="d">[196-]</subfield></datafield><datafield tag="215" ind1=" " ind2=" "><subfield code="a">50 v</subfield><subfield code="c">il.</subfield><subfield code="d">25 cm</subfield></datafield><datafield tag="300" ind1=" " ind2=" "><subfield code="a">Tem 36 vol. + vol. 37, 38, 39, 40 são de apêndices e contem + 10 vols. de actualizaçöes + os vols. de 1988, 1989, 1990, 1991, 1992, 1993, 1994, 1995, 1996, 1997, 2000, 2001, 2002</subfield></datafield><datafield tag="675" ind1=" " ind2=" "><subfield code="a">030(031)</subfield><subfield code="v">BN</subfield><subfield code="z">por</subfield></datafield><datafield tag="710" ind1="0" ind2="2"><subfield code="a">Editorial Enciclopédia</subfield><subfield code="3">167794</subfield></datafield><datafield tag="801" ind1=" " ind2="0"><subfield code="a">PT</subfield><subfield code="b">Biblioteca Municipal de Montalegre</subfield><subfield code="g">RPC</subfield></datafield><datafield tag="856" ind1=" " ind2=" "><subfield code="u">locateMedia.asp?cod=20060522103944&amp;ext=jpg</subfield><subfield code="z">CAPA</subfield></datafield><datafield tag="909" ind1="&#9;" ind2=" "><subfield code="a">54</subfield></datafield><datafield tag="966" ind1=" " ind2=" "><subfield code="a">0003509</subfield><subfield code="l">BMM</subfield><subfield code="s">SCG 030(031) GRA A-ALMA 1</subfield></datafield><datafield tag="966" ind1=" " ind2=" "><subfield code="a">0003510</subfield><subfield code="l">BMM</subfield><subfield code="s">SCG 030(031) GRA ALMA-APUA 2</subfield></datafield><datafield tag="966" ind1=" " ind2=" "><subfield code="a">0003511</subfield><subfield code="l">BMM</subfield><subfield code="s">SCG 030(031) GRA APUA-BAIL 3</subfield></datafield><datafield tag="966" ind1=" " ind2=" "><subfield code="a">0003512</subfield><subfield code="l">BMM</subfield><subfield code="s">SCG 030(031) GRA BRAIL-BRAG 4</subfield></datafield><datafield tag="966" ind1=" " ind2=" "><subfield code="a">0003513</subfield><subfield code="l">BMM</subfield><subfield code="s">SCG 030(031) GRA BRAG-CARR 5</subfield></datafield><datafield tag="966" ind1=" " ind2=" "><subfield code="a">0003514</subfield><subfield code="l">BMM</subfield><subfield code="s">SCG 030(031) GRA CARR-COCA 6</subfield></datafield><datafield tag="966" ind1=" " ind2=" "><subfield code="a">0003515</subfield><subfield code="l">BMM</subfield><subfield code="s">SCG 030(031) GRA COCAI-CRECI 7</subfield></datafield><datafield tag="966" ind1=" " ind2=" "><subfield code="a">0003516</subfield><subfield code="l">BMM</subfield><subfield code="s">SCG 030(031) GRA CREDE-DILAR 8</subfield></datafield><datafield tag="966" ind1=" " ind2=" "><subfield code="a">0003517</subfield><subfield code="l">BMM</subfield><subfield code="s">SCG 030(031) GRA DILAT-ESCAR 9</subfield></datafield><datafield tag="966" ind1=" " ind2=" "><subfield code="a">0003518</subfield><subfield code="l">BMM</subfield><subfield code="s">SCG 030(031) GRA ESCAR-FEBRA 10</subfield></datafield><datafield tag="966" ind1=" " ind2=" "><subfield code="a">0003519</subfield><subfield code="l">BMM</subfield><subfield code="s">SCG 030(031) GRA FEBRE-CABÃO 11</subfield></datafield><datafield tag="966" ind1=" " ind2=" "><subfield code="a">0003520</subfield><subfield code="l">BMM</subfield><subfield code="s">SCG 030(031) GRA GABAR-HEHA 12</subfield></datafield><datafield tag="966" ind1=" " ind2=" "><subfield code="a">0003521</subfield><subfield code="l">BMM</subfield><subfield code="s">SCG 030(031) GRA HEIDE-IRAPU 13</subfield></datafield><datafield tag="966" ind1=" " ind2=" "><subfield code="a">0003522</subfield><subfield code="l">BMM</subfield><subfield code="s">SCG 030(031) GRA IRAQU-LEVAN 14</subfield></datafield><datafield tag="966" ind1=" " ind2=" "><subfield code="a">0003523</subfield><subfield code="l">BMM</subfield><subfield code="s">SCG 030(031) GRA LEVAR-MALDI 15</subfield></datafield><datafield tag="966" ind1=" " ind2=" "><subfield code="a">0003524</subfield><subfield code="l">BMM</subfield><subfield code="s">SCG 030(031) GRA MALDO-MERMI 16</subfield></datafield><datafield tag="966" ind1=" " ind2=" "><subfield code="a">0003525</subfield><subfield code="l">BMM</subfield><subfield code="s">SCG 030(031) GRA MERMO-MOURA 17</subfield></datafield><datafield tag="966" ind1=" " ind2=" "><subfield code="a">0003526</subfield><subfield code="l">BMM</subfield><subfield code="s">SCG 030(031) GRA MOURA-NUCK 18</subfield></datafield><datafield tag="966" ind1=" " ind2=" "><subfield code="a">0003527</subfield><subfield code="l">BMM</subfield><subfield code="s">SCG 030(031) NUCLE-PAISD 19</subfield></datafield><datafield tag="966" ind1=" " ind2=" "><subfield code="a">0003528</subfield><subfield code="l">BMM</subfield><subfield code="s">SGG 030(031) GRA PAISE-PENIM 20</subfield></datafield><datafield tag="966" ind1=" " ind2=" "><subfield code="a">0003529</subfield><subfield code="l">BMM</subfield><subfield code="s">SCG 030(031) GRA PENIN-PISOT 21</subfield></datafield><datafield tag="966" ind1=" " ind2=" "><subfield code="a">0003530</subfield><subfield code="l">BMM</subfield><subfield code="s">SCG 030(031) GRA PISPE-POVOL 22</subfield></datafield><datafield tag="966" ind1=" " ind2=" "><subfield code="a">0003531</subfield><subfield code="l">BMM</subfield><subfield code="s">SCG 030(031) GRA POVOR-QUERE 23</subfield></datafield><datafield tag="966" ind1=" " ind2=" "><subfield code="a">0003532</subfield><subfield code="l">BMM</subfield><subfield code="s">SCG 030(031) GRA QUERE-RELAT 24</subfield></datafield><datafield tag="966" ind1=" " ind2=" "><subfield code="a">0003533</subfield><subfield code="l">BMM</subfield><subfield code="s">SCG 030(031) GRA RELAT-RODRI 25</subfield></datafield><datafield tag="966" ind1=" " ind2=" "><subfield code="a">0003534</subfield><subfield code="l">BMM</subfield><subfield code="s">SCG 030(031) GRA RODRI-SANCH 26</subfield></datafield><datafield tag="966" ind1=" " ind2=" "><subfield code="l">BMM</subfield><subfield code="a">0003535</subfield><subfield code="s">SCG 030(031) GRA SANSH-SEARE 27</subfield></datafield><datafield tag="966" ind1=" " ind2=" "><subfield code="a">0003536</subfield><subfield code="l">BMM</subfield><subfield code="s">SCG 030(031) GRA SEBA-SILVE 28</subfield></datafield><datafield tag="966" ind1=" " ind2=" "><subfield code="a">0003537</subfield><subfield code="l">BMM</subfield><subfield code="s">SCG 030(031) GRA SILVE-SOUTE 29</subfield></datafield><datafield tag="966" ind1=" " ind2=" "><subfield code="a">0003538</subfield><subfield code="l">BMM</subfield><subfield code="s">SCG 030(031) GRA SOUTE-TEDES 30</subfield></datafield><datafield tag="966" ind1=" " ind2=" "><subfield code="a">0003539</subfield><subfield code="l">BMM</subfield><subfield code="s">SCG 030(031) GRA TEDEU-TOMAR 31</subfield></datafield><datafield tag="966" ind1=" " ind2=" "><subfield code="a">0003540</subfield><subfield code="l">BMM</subfield><subfield code="s">SCG 030(031) GRA TOMAR-TRIST 32</subfield></datafield><datafield tag="966" ind1=" " ind2=" "><subfield code="a">0003541</subfield><subfield code="l">BMM</subfield><subfield code="s">SCG 030(031) GRA TRITA-VALES 33</subfield></datafield><datafield tag="966" ind1=" " ind2=" "><subfield code="a">0003542</subfield><subfield code="l">BMM</subfield><subfield code="s">SCG 030(031) GRA VALET-VIANA 34</subfield></datafield><datafield tag="966" ind1=" " ind2=" "><subfield code="a">0003543</subfield><subfield code="l">BMM</subfield><subfield code="s">SCG 030(031) GRA VALET-VILAR 35</subfield></datafield><datafield tag="966" ind1=" " ind2=" "><subfield code="a">0003544</subfield><subfield code="l">BMM</subfield><subfield code="s">SCG 030(031) GRA VILAR-WORCE 36</subfield></datafield><datafield tag="966" ind1=" " ind2=" "><subfield code="a">0003545</subfield><subfield code="l">BMM</subfield><subfield code="s">SCG 030(031) GRA WORDS-AL (APÊ) 37</subfield></datafield><datafield tag="966" ind1=" " ind2=" "><subfield code="a">0003546</subfield><subfield code="l">BMM</subfield><subfield code="s">SCG 030(031) GRA AL-BE (APÊ) 38</subfield></datafield><datafield tag="966" ind1=" " ind2=" "><subfield code="a">0003550</subfield><subfield code="l">BMM</subfield><subfield code="s">SCG 030(031) GRA BE-LI (APÊ) 39</subfield></datafield><datafield tag="966" ind1=" " ind2=" "><subfield code="a">0003551</subfield><subfield code="l">BMM</subfield><subfield code="s">SCG 030(031) GRA LI-ZZ (APÊ) 40</subfield></datafield><datafield tag="966" ind1=" " ind2=" "><subfield code="l">BMM</subfield><subfield code="a">0003552</subfield><subfield code="s">SCG 030(031) GRA 1988</subfield></datafield><datafield tag="966" ind1=" " ind2=" "><subfield code="l">BMM</subfield><subfield code="a">0003553</subfield><subfield code="s">SCG 030(031) GRA 1989</subfield></datafield><datafield tag="966" ind1=" " ind2=" "><subfield code="l">BMM</subfield><subfield code="a">0003547</subfield><subfield code="s">SCG 030(031) GRA 1990</subfield></datafield><datafield tag="966" ind1=" " ind2=" "><subfield code="l">BMM</subfield><subfield code="a">0003548</subfield><subfield code="s">SCG 030(031) GRA 1991</subfield></datafield><datafield tag="966" ind1=" " ind2=" "><subfield code="l">BMM</subfield><subfield code="a">0003549</subfield><subfield code="s">SCG 030(031) GRA 1992</subfield></datafield><datafield tag="966" ind1=" " ind2=" "><subfield code="l">BMM</subfield><subfield code="a">0003554</subfield><subfield code="s">SCG 030(031) GRA 1992</subfield></datafield><datafield tag="966" ind1=" " ind2=" "><subfield code="l">BMM</subfield><subfield code="a">0003555</subfield><subfield code="s">SCG 030(031) GRA 1993</subfield></datafield><datafield tag="966" ind1=" " ind2=" "><subfield code="l">BMM</subfield><subfield code="a">0003556</subfield><subfield code="s">SCG 030(031) GRA 1994</subfield></datafield><datafield tag="966" ind1=" " ind2=" "><subfield code="l">BMM</subfield><subfield code="a">0003557</subfield><subfield code="s">SCG 030(031) GRA 1995</subfield></datafield><datafield tag="966" ind1=" " ind2=" "><subfield code="a">0003558</subfield><subfield code="l">BMM</subfield><subfield code="s">SCG 030(031) GRA 1996</subfield></datafield><datafield tag="966" ind1=" " ind2=" "><subfield code="a">0014764</subfield><subfield code="l">BMM</subfield><subfield code="s">SCG 030(031) GRA 1997</subfield></datafield><datafield tag="966" ind1=" " ind2=" "><subfield code="a">0015472</subfield><subfield code="l">BMM</subfield><subfield code="s">SCG 030(031) GRA 2000</subfield></datafield><datafield tag="966" ind1=" " ind2=" "><subfield code="a">0015834</subfield><subfield code="l">BMM</subfield><subfield code="s">SCG 030(031) GRA 2001</subfield></datafield><datafield tag="966" ind1=" " ind2=" "><subfield code="a">0015799</subfield><subfield code="l">BMM</subfield><subfield code="s">SCG 030(031) GRA 2002</subfield></datafield></record></collection>